<record xmlns="http://www.loc.gov/MARC21/slim" xmlns:xsi="http://www.w3.org/2001/XMLSchema-instance" xsi:schemaLocation="http://www.loc.gov/MARC21/slim http://www.loc.gov/standards/marcxml/schema/MARC21slim.xsd">

  <leader>00796nam a2200193Ia 4500</leader>
  <datafield ind2=" " tag="999" ind1=" ">
    <subfield code="c">784</subfield>
    <subfield code="d">784</subfield>
  </datafield>
  <controlfield tag="008">170711b2004    cr ||||| |||| 00| | spa d</controlfield>
  <datafield ind1=" " tag="020" ind2=" ">
    <subfield code="a">996823</subfield>
  </datafield>
  <datafield tag="090" ind1=" " ind2=" ">
    <subfield code="a">06.05.04 </subfield>
    <subfield code="b">1162 CD #79</subfield>
  </datafield>
  <datafield tag="110" ind1="1" ind2=" ">
    <subfield code="9">545</subfield>
    <subfield code="a">Costa Rica. Ministerio de Educación Pública</subfield>
  </datafield>
  <datafield ind2="3" ind1="1" tag="245">
    <subfield code="a">Mi mundo de uno a dos años / </subfield>
    <subfield code="c">Ministerio de Educación Pública</subfield>
  </datafield>
  <datafield tag="260" ind1=" " ind2=" ">
    <subfield code="a">San José, Costa Rica : </subfield>
    <subfield code="b">ICER, </subfield>
    <subfield code="c">2004</subfield>
  </datafield>
  <datafield ind1=" " tag="300" ind2=" ">
    <subfield code="a">51 páginas</subfield>
  </datafield>
  <datafield ind2=" " ind1=" " tag="490">
    <subfield code="a">Ventanas en el mundo infantil,</subfield>
    <subfield code="v">3</subfield>
  </datafield>
  <datafield ind1=" " tag="500" ind2=" ">
    <subfield code="a">Convenio PROMECE/MEP-ICER. Contiene CD de Audio  del Programa para la Mediación 1. Mis primeros pasos 2. Experiencias de Libertad  3.Juegos en familia 4. Las palabras y cuerpo hablan 5. Como soy</subfield>
  </datafield>
  <datafield ind2="4" ind1="1" tag="650">
    <subfield code="a">DESARROLLO DEL NIÑO</subfield>
    <subfield code="9">723</subfield>
  </datafield>
  <datafield tag="650" ind1="1" ind2="4">
    <subfield code="a">EDUCACIÓN PREESCOLAR</subfield>
    <subfield code="9">455</subfield>
  </datafield>
  <datafield tag="650" ind1="1" ind2="4">
    <subfield code="a">FAMILIA</subfield>
    <subfield code="9">404</subfield>
  </datafield>
  <datafield ind2=" " ind1=" " tag="942">
    <subfield code="2">z</subfield>
    <subfield code="c">01</subfield>
  </datafield>
</record>